@book{sen2010,
  author    = {Sen, Amartya},
  title     = {La idea de la justicia},
  year      = {2010},
  publisher = {Taurus},
  address   = {Madrid, Espa√±a}
}


@online{pichincha2017,
  author    = {},
  title     = {Funciones y Competencias},
  year      = {2017},
  url       = {https://www.pichincha.gob.ec/la-institucion/108-funciones-y-competencias},
  note      = {Consultado el 24 de septiembre de 2024}
}

@online{web2024,
  author    = {},
  title     = {El Palacio Municipal},
  year      = {2024},
  url       = {http://www.guaranda.gob.ec/newsiteCMT/el-palacio-municipal/},
  note      = {Consultado el 24 de septiembre de 2024}
}
